<?xml version="1.0" encoding="UTF-8"?><collection xmlns="http://www.loc.gov/MARC21/slim"><record><leader>00590nam--2200145-i-4500</leader><controlfield tag="001">000025996</controlfield><controlfield tag="002">20161230</controlfield><controlfield tag="005">20161230201036</controlfield><controlfield tag="008">060222s1000------------r-----000-0-eng-d</controlfield><datafield ind1="1" ind2=" " tag="100"><subfield code="a">Kamke, E</subfield></datafield><datafield ind1="1" ind2="0" tag="245"><subfield code="a">Differentialgleichungen losungsmethoden und losungen. 4.unveranderte auflage. ii: partielle differentialgleichungen erster ordhung fur eine gesuchte funkion</subfield></datafield><datafield ind1=" " ind2=" " tag="260"><subfield code="a">Leipzig, Akademische Verlagsgesellschaft Geest &amp; Portig K.-g., 1961, Xii + 243 P</subfield></datafield><datafield ind1=" " ind2=" " tag="490"><subfield code="a">Mathematik Und Ihre Anwendungen In Physik Und Technik</subfield><subfield code="v">band 18</subfield></datafield><datafield ind1=" " ind2=" " tag="852"><subfield code="a">12326</subfield><subfield code="c">517.9</subfield></datafield><datafield ind1=" " ind2=" " tag="CAT"><subfield code="a">Sys</subfield><subfield code="c">20080929</subfield><subfield code="h">101949</subfield></datafield></record></collection>